<?xml version="1.0" encoding="UTF-8" standalone="no"?>
        <record xmlns="http://www.loc.gov/MARC21/slim">
          <leader>01529nam a2200361 ib4500</leader>
          <controlfield tag="001">9949185092202882</controlfield>
          <controlfield tag="005">00000000000000.0</controlfield>
          <controlfield tag="007">cr#|||||||||||</controlfield>
          <controlfield tag="008">211013|2021####xx######o##|########ger#u</controlfield>
          <datafield ind1="7" ind2=" " tag="016">
            <subfield code="a">1277013397</subfield>
            <subfield code="2">OCoLC</subfield>
          </datafield>
          <datafield ind1="7" ind2=" " tag="024">
            <subfield code="a">urn:nbn:de:kobv:11-d-</subfield>
            <subfield code="2">urn</subfield>
          </datafield>
          <datafield ind1=" " ind2=" " tag="035">
            <subfield code="a">BV047509647</subfield>
          </datafield>
          <datafield ind1=" " ind2=" " tag="035">
            <subfield code="a">(DE-599)BVBBV047509647</subfield>
          </datafield>
          <datafield ind1=" " ind2=" " tag="035">
            <subfield code="a">(DE-604)BV047509647</subfield>
          </datafield>
          <datafield ind1=" " ind2=" " tag="040">
            <subfield code="c">DE-604</subfield>
            <subfield code="e">rda</subfield>
            <subfield code="a">DE-11</subfield>
          </datafield>
          <datafield ind1=" " ind2="7" tag="041">
            <subfield code="a">ger</subfield>
            <subfield code="2">ISO 639-2</subfield>
          </datafield>
          <datafield ind1=" " ind2=" " tag="084">
            <subfield code="a">GM 7651</subfield>
            <subfield code="0">(DE-625)42411:</subfield>
            <subfield code="2">rvk</subfield>
          </datafield>
          <datafield ind1="1" ind2=" " tag="100">
            <subfield code="a">Wildberg, Bodo,</subfield>
            <subfield code="d">1862-1942,</subfield>
            <subfield code="4">aut</subfield>
            <subfield code="0">(DE-588)116144742</subfield>
          </datafield>
          <datafield ind1="1" ind2="0" tag="245">
            <subfield code="a">&lt;&lt;Der&gt;&gt; blaue Hummer /</subfield>
            <subfield code="c">von Bodo Wildberg.</subfield>
          </datafield>
          <datafield ind1=" " ind2="1" tag="264">
            <subfield code="a">Berlin :</subfield>
            <subfield code="b">Humboldt-Universität zu Berlin, Universitätsbibliothek,</subfield>
            <subfield code="c">2021.</subfield>
          </datafield>
          <datafield ind1=" " ind2=" " tag="300">
            <subfield code="a">1 Online-Ressource (96 Seiten) :</subfield>
            <subfield code="b">Illustrationen.</subfield>
          </datafield>
          <datafield ind1=" " ind2=" " tag="336">
            <subfield code="b">txt</subfield>
            <subfield code="2">rdacontent</subfield>
          </datafield>
          <datafield ind1=" " ind2=" " tag="337">
            <subfield code="b">c</subfield>
            <subfield code="2">rdamedia</subfield>
          </datafield>
          <datafield ind1=" " ind2=" " tag="338">
            <subfield code="b">cr</subfield>
            <subfield code="2">rdacarrier</subfield>
          </datafield>
          <datafield ind1="1" ind2=" " tag="490">
            <subfield code="a">Kürschners Bücherschatz</subfield>
            <subfield code="v">Nr. 1133</subfield>
          </datafield>
          <datafield ind1=" " ind2=" " tag="534">
            <subfield code="c">1917</subfield>
          </datafield>
          <datafield ind1=" " ind2=" " tag="546">
            <subfield code="b">Lateinisch (Fraktur)</subfield>
          </datafield>
          <datafield ind1="0" ind2="8" tag="776">
            <subfield code="i">Elektronische Reproduktion von</subfield>
            <subfield code="a">Wildberg, Bodo</subfield>
            <subfield code="t">&lt;&lt;Der&gt;&gt; blaue Hummer</subfield>
            <subfield code="d">Berlin ; Leipzig</subfield>
            <subfield code="e">Hermann Hillger Verlag</subfield>
            <subfield code="f">[1917?]</subfield>
            <subfield code="h">96 Seiten</subfield>
            <subfield code="k">Kürschners Bücherschatz ; Nr. 1133</subfield>
            <subfield code="n">Nach einem Exemplar der Humboldt-Universität zu Berlin, Universitätsbibliothek mit der Signatur: Xb 10567:1133:F8</subfield>
            <subfield code="w">BV040231272</subfield>
          </datafield>
          <datafield ind1=" " ind2="0" tag="830">
            <subfield code="a">Kürschners Bücherschatz</subfield>
            <subfield code="w">BV046040530</subfield>
            <subfield code="v">Nr. 1133</subfield>
            <subfield code="9">1133</subfield>
          </datafield>
          <datafield ind1="4" ind2=" " tag="856">
            <subfield code="u">https://www.ub.hu-berlin.de/de/bibliothek-benutzen/digitalisierung-eod/digitalisierung-in-bearbeitung</subfield>
            <subfield code="x">Digitalisierung</subfield>
            <subfield code="z">kostenfrei</subfield>
            <subfield code="3">Volltext</subfield>
          </datafield>
          <datafield ind1=" " ind2=" " tag="912">
            <subfield code="a">digit</subfield>
          </datafield>
          <datafield ind1=" " ind2=" " tag="940">
            <subfield code="a">RDA-Aufnahme</subfield>
          </datafield>
          <datafield ind1=" " ind2=" " tag="942">
            <subfield code="a">05</subfield>
          </datafield>
          <datafield ind1=" " ind2=" " tag="968">
            <subfield code="a">GM 7651</subfield>
          </datafield>
          <datafield ind1=" " ind2=" " tag="969">
            <subfield code="a">BV047509647</subfield>
          </datafield>
          <datafield ind1=" " ind2=" " tag="992">
            <subfield code="w">BV046040530</subfield>
          </datafield>
          <datafield ind1="g" ind2=" " tag="995">
            <subfield code="a">Literatur und Sprachen</subfield>
            <subfield code="b">Deutsche Sprache und Literatur</subfield>
            <subfield code="2">OR010</subfield>
          </datafield>
          <datafield ind1="g" ind2=" " tag="995">
            <subfield code="a">Geschichte</subfield>
            <subfield code="2">OR010</subfield>
          </datafield>
          <datafield ind1=" " ind2=" " tag="AVE">
            <subfield code="8">53739993880002882</subfield>
            <subfield code="c">61639769230002882</subfield>
            <subfield code="e">Available</subfield>
            <subfield code="l">OR010</subfield>
            <subfield code="m">HU Digitalisate E-Books</subfield>
          </datafield>
        </record>